@article{Jeffrey04,
title	= {MapReduce: Simplified Data Processing on Large Clusters},
author	= {Jeffrey Dean and Sanjay Ghemawat},
year	= {2004},
booktitle	= {OSDI'04: Sixth Symposium on Operating System Design and Implementation},
pages	= {137--150},
address	= {San Francisco, CA}
}

