@article{howe_trackmenot:_2009,
	title = {{TrackMeNot}: Resisting Surveillance in Web Search},
	volume = {23},
	pages = {417--436},
	journaltitle = {Lessons from the Identity Trail: Anonymity, Privacy, and Identity in a Networked Society},
	author = {Howe, Daniel C and Nissenbaum, H},
	date = {2009},
	langid = {english},
	file = {Howe - TrackMeNot Resisting Surveillance in Web Search.pdf:D\:\\Zotero文件存储\\storage\\2ZBZQYM9\\Howe - TrackMeNot Resisting Surveillance in Web Search.pdf:application/pdf}
}
@article{mapreduce:_2004,
title	= {MapReduce: Simplified Data Processing on Large Clusters},
author	= {Jeffrey Dean and Sanjay Ghemawat},
year	= {2004},
booktitle	= {OSDI'04: Sixth Symposium on Operating System Design and Implementation},
pages	= {137--150},
address	= {San Francisco, CA}
}
@article{greenwade93,
    author  = "George D. Greenwade",
    title   = "The {C}omprehensive {T}ex {A}rchive {N}etwork ({CTAN})",
    year    = "1993",
    journal = "TUGBoat",
    volume  = "14",
    number  = "3",
    pages   = "342--351"
}


